<record><leader>00000cas a22000007a 4500</leader><controlfield tag="001">20365957</controlfield><controlfield tag="008">890919d19051907mnuwr ne      0    0eng d</controlfield><datafield ind1=" " ind2=" " tag="010"><subfield code="a">sn 89064032 </subfield></datafield><datafield ind1=" " ind2=" " tag="040"><subfield code="a">MN#</subfield><subfield code="b">eng</subfield><subfield code="c">MN#</subfield><subfield code="d">OCLCQ</subfield></datafield><datafield ind1=" " ind2=" " tag="042"><subfield code="a">msc</subfield></datafield><datafield ind1=" " ind2=" " tag="043"><subfield code="a">n-us-mn</subfield></datafield><datafield ind1=" " ind2=" " tag="052"><subfield code="a">4144</subfield><subfield code="b">M39</subfield></datafield><datafield ind1=" " ind2=" " tag="052"><subfield code="a">4143</subfield><subfield code="b">L2</subfield></datafield><datafield ind1="0" ind2=" " tag="130"><subfield code="a">Marietta messenger (Marietta, Minn. : 1905)</subfield></datafield><datafield ind1="1" ind2="4" tag="245"><subfield code="a">The Marietta messenger.</subfield></datafield><datafield ind1=" " ind2=" " tag="260"><subfield code="a">Marietta, Lac qui Parle County, Minn. :</subfield><subfield code="b">F.C. Grow,</subfield><subfield code="c">1905-1907.</subfield></datafield><datafield ind1=" " ind2=" " tag="300"><subfield code="a">v.</subfield></datafield><datafield ind1=" " ind2=" " tag="310"><subfield code="a">Weekly</subfield></datafield><datafield ind1="0" ind2=" " tag="362"><subfield code="a">Vol. 8, no. 8 (Dec. 1, 1905)-v. 7, no. 39 (May 10, 1907).</subfield></datafield><datafield ind1=" " ind2=" " tag="515"><subfield code="a">Vol. 8, no. 52 (Aug. 10, 1906) followed by v. 7, no. 1 (Aug. 17, 1906).</subfield></datafield><datafield ind1=" " ind2=" " tag="530"><subfield code="a">Available on microfilm from the Minnesota Historical Society.</subfield></datafield><datafield ind1=" " ind2="0" tag="651"><subfield code="a">Marietta (Minn.)</subfield><subfield code="v">Newspapers.</subfield></datafield><datafield ind1=" " ind2=" " tag="752"><subfield code="a">United States</subfield><subfield code="b">Minnesota</subfield><subfield code="c">Lac qui Parle</subfield><subfield code="d">Marietta.</subfield></datafield><datafield ind1="0" ind2="0" tag="780"><subfield code="t">Interstate messenger</subfield><subfield code="w">(DLC)sn 89064033</subfield></datafield></record>